@article{gutenkunst2009,
  title={Inferring the joint demographic history of multiple populations from multidimensional SNP frequency data},
  author={Gutenkunst, Ryan N and Hernandez, Ryan D and Williamson, Scott H and Bustamante, Carlos D},
  journal={PLoS genetics},
  volume={5},
  number={10},
  pages={e1000695},
  year={2009},
  publisher={Public Library of Science}
}

@article{chia2012,
  title={Maize HapMap2 identifies extant variation from a genome in flux},
  author={Chia, Jer-Ming and Song, Chi and Bradbury, Peter J and Costich, Denise and de Leon, Natalia and Doebley, John and Elshire, Robert J and Gaut, Brandon and Geller, Laura and Glaubitz, Jeffrey C and others},
  journal={Nature genetics},
  volume={44},
  number={7},
  pages={803--807},
  year={2012},
  publisher={Nature Publishing Group}
}

@article{schnable2009,
  title={The B73 maize genome: complexity, diversity, and dynamics},
  author={Schnable, Patrick S and Ware, Doreen and Fulton, Robert S and Stein, Joshua C and Wei, Fusheng and Pasternak, Shiran and Liang, Chengzhi and Zhang, Jianwei and Fulton, Lucinda and Graves, Tina A and others},
  journal={science},
  volume={326},
  number={5956},
  pages={1112--1115},
  year={2009},
  publisher={American Association for the Advancement of Science}
}

@article{korneliussen2014,
  title={ANGSD: analysis of next generation sequencing data},
  author={Korneliussen, Thorfinn S and Albrechtsen, Anders and Nielsen, Rasmus},
  journal={BMC bioinformatics},
  volume={15},
  number={1},
  pages={356},
  year={2014},
  publisher={BioMed Central Ltd}
}


@Manual{R2014,
  title = {R: A Language and Environment for Statistical Computing},
  author = {{R Core Team}},
  organization = {R Foundation for Statistical Computing},
  address = {Vienna, Austria},
  year = {2014},
  url = {http://www.R-project.org/},
}

@article{durinck2009,
  title={Mapping identifiers for the integration of genomic datasets with the R/Bioconductor package biomaRt},
  author={Durinck, Steffen and Spellman, Paul T and Birney, Ewan and Huber, Wolfgang},
  journal={Nature protocols},
  volume={4},
  number={8},
  pages={1184--1191},
  year={2009},
  publisher={Nature Publishing Group}
}

@article{durinck2005,
  title={BioMart and Bioconductor: a powerful link between biological databases and microarray data analysis},
  author={Durinck, Steffen and Moreau, Yves and Kasprzyk, Arek and Davis, Sean and De Moor, Bart and Brazma, Alvis and Huber, Wolfgang},
  journal={Bioinformatics},
  volume={21},
  number={16},
  pages={3439--3440},
  year={2005},
  publisher={Oxford Univ Press}
}


@article{mclaren2010,
  title={Deriving the consequences of genomic variants with the Ensembl API and SNP Effect Predictor},
  author={McLaren, William and Pritchard, Bethan and Rios, Daniel and Chen, Yuan and Flicek, Paul and Cunningham, Fiona},
  journal={Bioinformatics},
  volume={26},
  number={16},
  pages={2069--2070},
  year={2010},
  publisher={Oxford Univ Press}
}


@article{hernandez2011,
  title={Classic selective sweeps were rare in recent human evolution},
  author={Hernandez, Ryan D and Kelley, Joanna L and Elyashiv, Eyal and Melton, S Cord and Auton, Adam and McVean, Gilean and Sella, Guy and Przeworski, Molly and others},
  journal={science},
  volume={331},
  number={6019},
  pages={920--924},
  year={2011},
  publisher={American Association for the Advancement of Science}
}


@article{sattath2011,
  title={Pervasive adaptive protein evolution apparent in diversity patterns around amino acid substitutions in Drosophila simulans},
  author={Sattath, Shmuel and Elyashiv, Eyal and Kolodny, Oren and Rinott, Yosef and Sella, Guy},
  journal={PLoS genetics},
  volume={7},
  number={2},
  pages={e1001302},
  year={2011},
  publisher={Public Library of Science}
}


@article{charlesworth1993,
  title={The effect of deleterious mutations on neutral molecular variation.},
  author={Charlesworth, Brian and Morgan, MT and Charlesworth, D},
  journal={Genetics},
  volume={134},
  number={4},
  pages={1289--1303},
  year={1993},
  publisher={Genetics Soc America}
}

@article{fu1993,
  title={Statistical tests of neutrality of mutations.},
  author={Fu, Yun-Xin and Li, Wen-Hsiung},
  journal={Genetics},
  volume={133},
  number={3},
  pages={693--709},
  year={1993},
  publisher={Genetics Soc America}
}

@article{purugganan2009,
  title={The nature of selection during plant domestication},
  author={Purugganan, Michael D and Fuller, Dorian Q},
  journal={Nature},
  volume={457},
  number={7231},
  pages={843--848},
  year={2009},
  publisher={Nature Publishing Group}
}

@article{ross2007,
  title={Plant domestication, a unique opportunity to identify the genetic basis of adaptation},
  author={Ross-Ibarra, Jeffrey and Morrell, Peter L and Gaut, Brandon S},
  journal={Proceedings of the National Academy of Sciences},
  volume={104},
  number={suppl 1},
  pages={8641--8648},
  year={2007},
  publisher={National Acad Sciences}
}

@article{hufford2012,
  title={Comparative population genomics of maize domestication and improvement},
  author={Hufford, Matthew B and Xu, Xun and Van Heerwaarden, Joost and Pyh{\"a}j{\"a}rvi, Tanja and Chia, Jer-Ming and Cartwright, Reed A and Elshire, Robert J and Glaubitz, Jeffrey C and Guill, Kate E and Kaeppler, Shawn M and others},
  journal={Nature genetics},
  volume={44},
  number={7},
  pages={808--811},
  year={2012},
  publisher={Nature Publishing Group}
}

@article{he2011,
  title={Two evolutionary histories in the genome of rice: the roles of domestication genes},
  author={He, Ziwen and Zhai, Weiwei and Wen, Haijun and Tang, Tian and Wang, Yu and Lu, Xuemei and Greenberg, Anthony J and Hudson, Richard R and Wu, Chung-I and Shi, Suhua},
  journal={PLoS genetics},
  volume={7},
  number={6},
  pages={e1002100},
  year={2011},
  publisher={Public Library of Science}
}

@article{luikart2003,
  title={The power and promise of population genomics: from genotyping to genome typing},
  author={Luikart, Gordon and England, Phillip R and Tallmon, David and Jordan, Steve and Taberlet, Pierre},
  journal={Nature Reviews Genetics},
  volume={4},
  number={12},
  pages={981--994},
  year={2003},
  publisher={Nature Publishing Group}
}

@article{li2012,
  title={Joint analysis of demography and selection in population genetics: where do we stand and where could we go?},
  author={Li, Junrui and Li, Haipeng and Jakobsson, Mattias and Li, SEN and Sj{\"O}Din, PER and Lascoux, Martin},
  journal={Molecular Ecology},
  volume={21},
  number={1},
  pages={28--44},
  year={2012},
  publisher={Wiley Online Library}
}

@article{sella2009,
  title={Pervasive natural selection in the Drosophila genome?},
  author={Sella, Guy and Petrov, Dmitri A and Przeworski, Molly and Andolfatto, Peter},
  journal={PLoS genetics},
  volume={5},
  number={6},
  pages={e1000495},
  year={2009},
  publisher={Public Library of Science}
}

@article{slotte2014,
  title={The impact of linked selection on plant genomic variation},
  author={Slotte, Tanja},
  journal={Briefings in functional genomics},
  volume={13},
  number={4},
  pages={268--275},
  year={2014},
  publisher={Oxford University Press}
}

@article{gazave2014,
  title={Neutral genomic regions refine models of recent rapid human population growth},
  author={Gazave, Elodie and Ma, Li and Chang, Diana and Coventry, Alex and Gao, Feng and Muzny, Donna and Boerwinkle, Eric and Gibbs, Richard A and Sing, Charles F and Clark, Andrew G and others},
  journal={Proceedings of the National Academy of Sciences},
  volume={111},
  number={2},
  pages={757--762},
  year={2014},
  publisher={National Acad Sciences}
}

@article{elshire2011,
  title={A robust, simple genotyping-by-sequencing (GBS) approach for high diversity species},
  author={Elshire, Robert J and Glaubitz, Jeffrey C and Sun, Qi and Poland, Jesse A and Kawamoto, Ken and Buckler, Edward S and Mitchell, Sharon E},
  journal={PloS one},
  volume={6},
  number={5},
  pages={e19379},
  year={2011}
}

@article{beissinger2013,
  title={Marker density and read depth for genotyping populations using genotyping-by-sequencing},
  author={Beissinger, Timothy M and Hirsch, Candice N and Sekhon, Rajandeep S and Foerster, Jillian M and Johnson, James M and Muttoni, German and Vaillancourt, Brieanne and Buell, C Robin and Kaeppler, Shawn M and de Leon, Natalia},
  journal={Genetics},
  volume={193},
  number={4},
  pages={1073--1081},
  year={2013},
  publisher={Genetics Soc America}
}


@article{lemmon2014,
    author = {Lemmon, Zachary H. AND Bukowski, Robert AND Sun, Qi AND Doebley, John F.},
    journal = {PLoS Genet},
    publisher = {Public Library of Science},
    title = {The Role of <italic>cis</italic> Regulatory Evolution in Maize Domestication},
    year = {2014},
    month = {11},
    volume = {10},
    url = {http://dx.doi.org/10.1371%2Fjournal.pgen.1004745},
    pages = {e1004745},
    number = {11},
    doi = {10.1371/journal.pgen.1004745}
}

@article{wang2015,
  title={Evidence that the Origin of Naked Kernels During Maize Domestication Was Caused by a Single Amino Acid Substitution in tga1},
  author={Wang, Huai and Studer, Anthony J and Zhao, Qiong and Meeley, Robert and Doebley, John F},
  journal={Genetics},
  pages={genetics--115},
  year={2015},
  publisher={Genetics Soc America}
}


@article{davydov2010,
  title={Identifying a high fraction of the human genome to be under selective constraint using GERP++},
  author={Davydov, Eugene V and Goode, David L and Sirota, Marina and Cooper, Gregory M and Sidow, Arend and Batzoglou, Serafim},
  journal={PLoS Comput Biol},
  volume={6},
  number={12},
  pages={e1001025},
  year={2010}
}

@article{cooper2005,
  title={Distribution and intensity of constraint in mammalian genomic sequence},
  author={Cooper, Gregory M and Stone, Eric A and Asimenos, George and Green, Eric D and Batzoglou, Serafim and Sidow, Arend},
  journal={Genome research},
  volume={15},
  number={7},
  pages={901--913},
  year={2005},
  publisher={Cold Spring Harbor Lab}
}


@article{rodgers2015,
  title={Recombination in diverse maize is stable, predictable, and associated with genetic load},
  author={Rodgers-Melnick, Eli and Bradbury, Peter J and Elshire, Robert J and Glaubitz, Jeffrey C and Acharya, Charlotte B and Mitchell, Sharon E and Li, Chunhui and Li, Yongxiang and Buckler, Edward S},
  journal={Proceedings of the National Academy of Sciences},
  volume={112},
  number={12},
  pages={3823--3828},
  year={2015},
  publisher={National Acad Sciences}
}


@article{enard2014,
  title={Genome-wide signals of positive selection in human evolution},
  author={Enard, David and Messer, Philipp W and Petrov, Dmitri A},
  journal={Genome research},
  volume={24},
  number={6},
  pages={885--895},
  year={2014},
  publisher={Cold Spring Harbor Lab}
}


@article{ross2009,
  title={Historical divergence and gene flow in the genus Zea},
  author={Ross-Ibarra, Jeffrey and Tenaillon, Maud and Gaut, Brandon S},
  journal={Genetics},
  volume={181},
  number={4},
  pages={1399--1413},
  year={2009},
  publisher={Genetics Soc America}
}

@article{garud2015,
  title={Recent selective sweeps in North American Drosophila melanogaster show signatures of soft sweeps},
  author={Garud, Nandita R and Messer, Philipp W and Buzbas, Erkan O and Petrov, Dmitri A},
  journal={PLoS genetics},
  volume={11},
  number={2},
  pages={e1005004},
  year={2015},
  publisher={Public Library of Science}
}

@article{clark2006,
  title={A distant upstream enhancer at the maize domestication gene tb1 has pleiotropic effects on plant and inflorescent architecture},
  author={Clark, Richard M and Wagler, Tina Nussbaum and Quijada, Pablo and Doebley, John},
  journal={Nature genetics},
  volume={38},
  number={5},
  pages={594--597},
  year={2006},
  publisher={Nature Publishing Group}
}

@article{studer2011,
  title={Identification of a functional transposon insertion in the maize domestication gene tb1},
  author={Studer, Anthony and Zhao, Qiong and Ross-Ibarra, Jeffrey and Doebley, John},
  journal={Nature genetics},
  volume={43},
  number={11},
  pages={1160--1163},
  year={2011},
  publisher={Nature Publishing Group}
}

@article{wills2013,
  title={From many, one: genetic control of prolificacy during maize domestication},
  author={Wills, David M and Whipple, Clinton J and Takuno, Shohei and Kursel, Lisa E and Shannon, Laura M and Ross-Ibarra, Jeffrey and Doebley, John F},
  journal={PLoS Genet},
  volume={9},
  number={6},
  pages={e1003604},
  year={2013}
}


@article{beissinger2014,
  title={A genome-wide scan for evidence of selection in a maize population under long-term artificial selection for ear number},
  author={Beissinger, Timothy M and Hirsch, Candice N and Vaillancourt, Brieanne and Deshpande, Shweta and Barry, Kerrie and Buell, C Robin and Kaeppler, Shawn M and Gianola, Daniel and de Leon, Natalia},
  journal={Genetics},
  volume={196},
  number={3},
  pages={829--840},
  year={2014},
  publisher={Genetics Soc America}
}

@article{messer2013,
  title={Population genomics of rapid adaptation by soft selective sweeps},
  author={Messer, Philipp W and Petrov, Dmitri A},
  journal={Trends in ecology \& evolution},
  volume={28},
  number={11},
  pages={659--669},
  year={2013},
  publisher={Elsevier}
}

@article{innan2004,
  title={Pattern of polymorphism after strong artificial selection in a domestication event},
  author={Innan, Hideki and Kim, Yuseob},
  journal={Proceedings of the National Academy of Sciences of the United States of America},
  volume={101},
  number={29},
  pages={10667--10672},
  year={2004},
  publisher={National Acad Sciences}
}

@article{williamson2014,
  title={Evidence for Widespread Positive and Negative Selection in Coding and Conserved Noncoding Regions of Capsella grandiflora.},
  author={Williamson, RJ and Josephs, EB and Platts, AE and Hazzouri, KM and Haudry, A and Blanchette, M and Wright, SI},
  journal={PLoS genetics},
  volume={10},
  number={9},
  pages={e1004622--e1004622},
  year={2014},
  publisher={Public Library of Science}
}

@article{wright2005,
  title={The effects of artificial selection on the maize genome},
  author={Wright, Stephen I and Bi, Irie Vroh and Schroeder, Steve G and Yamasaki, Masanori and Doebley, John F and McMullen, Michael D and Gaut, Brandon S},
  journal={Science},
  volume={308},
  number={5726},
  pages={1310--1314},
  year={2005},
  publisher={American Association for the Advancement of Science}
}


@book{cimmyt1999,
  author    = {The Maize Program}, 
  title     = {Development, maintenance, and seed multiplication of open-pollinated maize varieties},
  publisher = {CIMMYT},
  year      = 1999,
  address   = {Mexico, D.F.},
  edition   = 2,
  isbn      = {970-648-024-2}
}


@article{van2010,
  title={Genetic diversity in a crop metapopulation},
  author={Van Heerwaarden, J and Van Eeuwijk, FA and Ross-Ibarra, J},
  journal={Heredity},
  volume={104},
  number={1},
  pages={28--39},
  year={2010},
  publisher={Nature Publishing Group}
}


@article{nei1979,
  title={Mathematical model for studying genetic variation in terms of restriction endonucleases},
  author={Nei, Masatoshi and Li, Wen-Hsiung},
  journal={Proceedings of the National Academy of Sciences},
  volume={76},
  number={10},
  pages={5269--5273},
  year={1979},
  publisher={National Acad Sciences}
}
